<record><leader>00000cas a22000007a 4500</leader><controlfield tag="001">15170183</controlfield><controlfield tag="008">870209d18751915moucr ne      0    0eng d</controlfield><datafield ind1=" " ind2=" " tag="010"><subfield code="a">sn 87052161 </subfield></datafield><datafield ind1=" " ind2=" " tag="040"><subfield code="a">NPX</subfield><subfield code="b">eng</subfield><subfield code="c">NPX</subfield><subfield code="d">MQN</subfield><subfield code="d">OCLCQ</subfield></datafield><datafield ind1=" " ind2=" " tag="042"><subfield code="a">msc</subfield></datafield><datafield ind1="0" ind2=" " tag="130"><subfield code="a">Monroe City news (Monroe City, Mo. : 1875)</subfield></datafield><datafield ind1="1" ind2="0" tag="245"><subfield code="a">Monroe City news.</subfield></datafield><datafield ind1=" " ind2=" " tag="260"><subfield code="a">Monroe City, Mo. :</subfield><subfield code="b">S.H. Hallock,</subfield><subfield code="c">1875-1915.</subfield></datafield><datafield ind1=" " ind2=" " tag="300"><subfield code="a">v.</subfield></datafield><datafield ind1=" " ind2=" " tag="310"><subfield code="a">Semiweekly,</subfield><subfield code="b">Oct. 28, 1913-May 21, 1915</subfield></datafield><datafield ind1=" " ind2=" " tag="321"><subfield code="a">Weekly,</subfield><subfield code="b">Jan. 14, 1875-Oct. 23, 1913</subfield></datafield><datafield ind1="0" ind2=" " tag="362"><subfield code="a">Vol. 1, no. 1 (Jan. 14, 1875)- ; -41st year, no. 41 (May 21, 1915).</subfield></datafield><datafield ind1=" " ind2=" " tag="752"><subfield code="a">United States</subfield><subfield code="b">Missouri</subfield><subfield code="c">Monroe</subfield><subfield code="d">Monroe City.</subfield></datafield><datafield ind1="0" ind2=" " tag="775"><subfield code="t">Daily news (Monroe City, Mo.)</subfield><subfield code="w">(DLC)sn 90061320</subfield></datafield><datafield ind1="0" ind2="0" tag="785"><subfield code="t">Semi-weekly news (Monroe City, Mo. : 1915)</subfield><subfield code="w">(DLC)sn 90061321</subfield></datafield></record>